<record><leader>00000cas a22000007a 4500</leader><controlfield tag="001">10942370</controlfield><controlfield tag="008">840712d18851886ohudn ne      0    0eng d</controlfield><controlfield tag="009">3783</controlfield><datafield ind1=" " ind2=" " tag="010"><subfield code="a">sn 84028310 </subfield></datafield><datafield ind1=" " ind2=" " tag="040"><subfield code="a">NPY</subfield><subfield code="b">eng</subfield><subfield code="c">NPY</subfield></datafield><datafield ind1="1" ind2=" " tag="029"><subfield code="a">AU@</subfield><subfield code="b">000025794026</subfield></datafield><datafield ind1=" " ind2=" " tag="042"><subfield code="a">msc</subfield></datafield><datafield ind1="0" ind2="0" tag="245"><subfield code="a">Cleveland daily argus.</subfield></datafield><datafield ind1=" " ind2=" " tag="260"><subfield code="a">Cleveland, [Ohio :</subfield><subfield code="b">s.n.],</subfield><subfield code="c">1885-</subfield></datafield><datafield ind1=" " ind2=" " tag="300"><subfield code="a">v. :</subfield><subfield code="b">ill. (chiefly advertisements) ;</subfield><subfield code="c">54 cm.</subfield></datafield><datafield ind1=" " ind2=" " tag="310"><subfield code="a">Daily (except Sun.)</subfield></datafield><datafield ind1="0" ind2=" " tag="362"><subfield code="a">Vol. 1, no. 52 (May 1, 1885)-</subfield></datafield><datafield ind1="1" ind2=" " tag="362"><subfield code="a">Ceased with Feb. 27(?), 1886.</subfield></datafield><datafield ind1=" " ind2=" " tag="500"><subfield code="a">Numerous editions.</subfield></datafield><datafield ind1=" " ind2=" " tag="500"><subfield code="a">"Republican." Cf. Guide to Ohio newspapers, 1974.</subfield></datafield><datafield ind1=" " ind2=" " tag="500"><subfield code="a">Editor: C.M. Fairbanks, Sept. 4, 1885-Feb. 26, 1886.</subfield></datafield><datafield ind1="1" ind2=" " tag="700"><subfield code="a">Fairbanks, C. M.</subfield></datafield><datafield ind1=" " ind2=" " tag="752"><subfield code="a">United States</subfield><subfield code="b">Ohio</subfield><subfield code="c">Cuyahoga</subfield><subfield code="d">Cleveland.</subfield></datafield><datafield ind1="0" ind2="0" tag="780"><subfield code="t">Daily argus (Cleveland, Ohio)</subfield><subfield code="w">(DLC)sn 84028309</subfield></datafield></record>